@INPROCEEDINGS{anderson2006x1, 
author={D. P. Anderson and C. Christensen and B. Allen}, 
booktitle={SC 2006 Conference, Proceedings of the ACM/IEEE}, 
title={Designing a Runtime System for Volunteer Computing}, 
year={2006}, 
pages={33-33}, 
keywords={computer graphics;libraries;middleware;natural sciences computing;storage management;BOINC client program;Berkeley open infrastruture for network computing;distributed computing;graphics control;middleware system;process management;public volunteer processing;scientific research projects;volunteer computing;Application software;Biology computing;Computer graphics;Computer networks;Distributed computing;Middleware;Permission;Physics computing;Power system management;Productivity}, 
doi={10.1109/SC.2006.24}, 
month={Nov},}

